@article{a1,
	author = {{Author1, Author2}},
	title = {Title article 1},
	journal = {Journal},
	volume = {1},
	number = {1},
	year = {1000},
	pages = {1--10},
	publisher = {Publisher}
}

@book{b1,
	author = {{Author1, Author2}},
	title = {Title Book 1},
	publisher = {Publisher},
	year = {1000}
}

@manual{m1,
	author = {{Author1, Author2}},
  title = {Title Manual 1},
  organization  = {Organization, e.g University},
  note = {available online at http://www.microlab-mi.net},
  year = {1000}
}

@inproceedings{Rhein_et_al13,
  title={Iterative reconstruction of large scenes using heterogeneous feature tracking},
  author={Rhein, Stephen and Lu, Guoyu and Sorensen, Scott and Mahoney, Andrew R and Eicken, Hajo and Ray, G Carleton and Kambhamettu, Chandra},
  booktitle={Computer Vision and Pattern Recognition Workshops (CVPRW), 2013 IEEE Conference on},
  pages={407--412},
  year={2013},
  organization={IEEE}
}
@inproceedings{Devillers03,
  title={Perturbations and Vertex Removal in a 3D Delaunay Triangulation},
  author={Devillers, Olivier and Teillaud, Monique},
  booktitle={14th ACM-Siam Symp. on Algorithms (SODA)},
  pages={313--319},
  year={2003}
}

@inproceedings{Strasdat11,
  title={Double window optimisation for constant time visual SLAM},
  author={Strasdat, Hauke and Davison, Andrew J and Montiel, JMM and Konolige, Kurt},
  booktitle={Computer Vision (ICCV), 2011 IEEE International Conference on},
  pages={2352--2359},
  year={2011},
  organization={IEEE}
}

@book{cgal,
  title = {{CGAL} User and Reference Manual},
  author = {{The CGAL Project}},
  publisher = {{CGAL Editorial Board}},
  edition = {{4.5}},
  year = 2014,
  url = {http://doc.cgal.org/4.5/Manual/packages.html}
}
@incollection{Meyer03,
  title={Discrete differential-geometry operators for triangulated 2-manifolds},
  author={Meyer, Mark and Desbrun, Mathieu and Schr{\"o}der, Peter and Barr, Alan H},
  booktitle={Visualization and mathematics III},
  pages={35--57},
  year={2003},
  publisher={Springer}
}
@article{Hoppe13,
  title={Incremental surface extraction from sparse structure-from-motion point clouds},
  author={Hoppe, Christof and Klopschitz, Manfred and Donoser, Michael and Bischof, Horst},
  journal={Proc. BMVC (Bristol, UK, 2013)},
  year={2013}
}



@incollection{saboret00,
  author = {Laurent Saboret and Pierre Alliez and Bruno L\'evy},
  title = {Planar Parameterization of Triangulated Surface Meshes},
  publisher = {{CGAL Editorial Board}},
  edition = {{4.4}},
  booktitle = {{CGAL} User and Reference Manual},
  url = {http://doc.cgal.org/4.4/Manual/packages.html#PkgSurfaceParameterizationSummary},
  year = 2000
}
@book{HaZi04,
  author = "R. Hartley and A. Zisserman",
  publisher = "Cambridge Univ Press",
  title = "{Multiple view geometry in computer vision}",
  volume = "2",
  year = "2000"
}
@article{Bradski00,
    author = {Bradski, G.},
    citeulike-article-id = {2236121},
    journal = {Dr. Dobb's Journal of Software Tools},
    keywords = {bibtex-import},
    posted-at = {2008-01-15 19:21:54},
    priority = {4},
    title = {{The OpenCV Library}},
    year = {2000}
}

@inproceedings{Yu_Lhuillier12,
  title={Incremental reconstruction of manifold surface from sparse visual mapping},
  author={Yu, Shuda and Lhuillier, Maxime},
  booktitle={3D Imaging, Modeling, Processing, Visualization and Transmission (3DIMPVT), 2012 Second International Conference on},
  pages={293--300},
  year={2012},
  organization={IEEE}
}
@techreport{Maur_02,
  title={Delaunay triangulation in 3D},
  author={Maur, Pavel},
  year={2002},
  institution={Technical Report, Departmen. of Computer Science and Engineering, University of West Bohemia, Pilsen, Czech Republic}
}

@phdthesis{Lovi_et_al_11,
  title={Incremental free-space carving for real-time 3d reconstruction},
  author={Lovi, David Israel and Birkbeck, Neil and Cobzas, Dana and Jagersand, M},
  year={2011},
  school={University of Alberta}
}

@inproceedings{Delaunoy_et_al_08,
  title={Minimizing the multi-view stereo reprojection error for triangular surface meshes},
  author={Delaunoy, Ama{\"e}l and Prados, Emmanuel and Pirac{\'e}s, Pau Gargallo I and Pons, Jean-Philippe and Sturm, Peter},
  booktitle={BMVC 2008-British Machine Vision Conference},
  pages={1--10},
  year={2008},
  organization={BMVA}
}


@article{Kutulakos_Seitz05,
  title={A theory of shape by space carving},
  author={Kutulakos, Kiriakos N and Seitz, Steven M},
  journal={International Journal of Computer Vision},
  volume={38},
  number={3},
  pages={199--218},
  year={2000},
  publisher={Springer}
}

@inproceedings{labatut2007efficient,
  title={Efficient multi-view reconstruction of large-scale scenes using interest points, delaunay triangulation and graph cuts},
  author={Labatut, Patrick and Pons, J-P and Keriven, Renaud},
  booktitle={Computer Vision, 2007. ICCV 2007. IEEE 11th International Conference on},
  pages={1--8},
  year={2007},
  organization={IEEE}
}

@inproceedings{Pan_et_al09,
  title={ProFORMA: Probabilistic Feature-based On-line Rapid Model Acquisition.},
  author={Pan, Qi and Reitmayr, Gerhard and Drummond, Tom},
  booktitle={BMVC},
  pages={1--11},
  year={2009}
}

@inproceedings{Hane_et_al_09,
  title={Joint 3d scene reconstruction and class segmentation},
  author={Hane, Christian and Zach, Christopher and Cohen, Andrea and Angst, Roland and Pollefeys, Marc},
  booktitle={Computer Vision and Pattern Recognition (CVPR), 2013 IEEE Conference on},
  pages={97--104},
  year={2013},
  organization={IEEE}
}

@inproceedings{Tomono09,
  title={Detailed 3D mapping based on image edge-point ICP and recovery from registration failure},
  author={Tomono, Masahiro},
  booktitle={Intelligent Robots and Systems, 2009. IROS 2009. IEEE/RSJ International Conference on},
  pages={1164--1169},
  year={2009},
  organization={IEEE}
}

@article{Faugeras_et_al_90,
  title={Representing stereo data with the delaunay triangulation},
  author={Faugeras, Olivier D. and Bras-Mehlman, E Le and Boissonnat, Jean-Daniel},
  journal={Artificial Intelligence},
  volume={44},
  number={1},
  pages={41--87},
  year={1990},
  publisher={Elsevier}
}

@inproceedings{Akbarzadeh_et_al06,
  title={Towards urban 3D reconstruction from video},
  author={Akbarzadeh, Amir and Frahm, J-M and Mordohai, Philippos and Clipp, Brian and Engels, Chris and Gallup, David and Merrell, Paul and Phelps, M and Sinha, S and Talton, B and others},
  booktitle={3D Data Processing, Visualization, and Transmission, Third International Symposium on},
  pages={1--8},
  year={2006},
  organization={IEEE}
}


@article{Cornelis_et_al08,
  title={3d urban scene modeling integrating recognition and reconstruction},
  author={Cornelis, Nico and Leibe, Bastian and Cornelis, Kurt and Van Gool, Luc},
  journal={International Journal of Computer Vision},
  volume={78},
  number={2-3},
  pages={121--141},
  year={2008},
  publisher={Springer}
}

@article{Pollefeys_et_al_08,
  title={Detailed real-time urban 3d reconstruction from video},
  author={Pollefeys, Marc and Nist{\'e}r, David and Frahm, J-M and Akbarzadeh, Amir and Mordohai, Philippos and Clipp, Brian and Engels, Chris and Gallup, David and Kim, S-J and Merrell, Paul and others},
  journal={International Journal of Computer Vision},
  volume={78},
  number={2-3},
  pages={143--167},
  year={2008},
  publisher={Springer}
}

@article{Litvinov_Lhuillier_13,
  title={Incremental Solid Modeling from Sparse and Omnidirectional Structure-from-Motion Data},
  author={Litvinov, Vadim and Lhuillier, Maxime},
  booktitle={BMVC},
  year={2013}
}

@inproceedings{Seitz_et_al06,
  title={A comparison and evaluation of multi-view stereo reconstruction algorithms},
  author={Seitz, Steven M and Curless, Brian and Diebel, James and Scharstein, Daniel and Szeliski, Richard},
  booktitle={Computer vision and pattern recognition, 2006 IEEE Computer Society Conference on},
  volume={1},
  pages={519--528},
  year={2006},
  organization={IEEE}
}


@article{Snavely_et_al06,
  title={Photo tourism: exploring photo collections in 3D},
  author={Snavely, Noah and Seitz, Steven M and Szeliski, Richard},
  journal={ACM transactions on graphics (TOG)},
  volume={25},
  number={3},
  pages={835--846},
  year={2006},
  publisher={ACM}
}
@article{lhuillier_Yu2013,
  title={Manifold surface reconstruction of an environment from sparse Structure-from-Motion data},
  author={Lhuillier, Maxime and Yu, Shuda},
  journal={Computer Vision and Image Understanding},
  volume={117},
  number={11},
  pages={1628--1644},
  year={2013},
  publisher={Elsevier}
}

@inproceedings{Mouragnon_et_al07,
  title={Generic and Real-Time Structure from Motion.},
  author={Mouragnon, E. and Lhuillier, Maxime and Dhome, Michel and Dekeyser, Fabien and Sayd, Patrick},
  booktitle={BMVC},
  pages={1--10},
  year={2007}
}

@inproceedings{Klein_Murray07,
  title={Parallel tracking and mapping for small AR workspaces},
  author={Klein, Georg and Murray, David},
  booktitle={Mixed and Augmented Reality, 2007. ISMAR 2007. 6th IEEE and ACM International Symposium on},
  pages={225--234},
  year={2007},
  organization={IEEE}
}

@inproceedings{litvinov_Lhiuller14,
  title={Incremental Solid Modeling from Sparse Structure-from-Motion Data with Improved Visual Artifacts Removal},
  author={Litvinov, Vadim and Lhuillier, Maxime},
  booktitle={International Conference on Pattern Recognition (ICPR)},
  year={2014},
}
@article{vu_et_al_2012,
  title={High accuracy and visibility-consistent dense multiview stereo},
  author={Vu, H-H and Labatut, Patrick and Pons, J-P and Keriven, Renaud},
  journal={Pattern Analysis and Machine Intelligence, IEEE Transactions on},
  volume={34},
  number={5},
  pages={889--901},
  year={2012},
  publisher={IEEE}
}


@inproceedings{Cucci_Matteucci14,
  title={Position Tracking and Sensors Self-Calibration in Autonomous Mobile Robots by Gauss-Newton Optimization},
  author={Cucci, Davide A. and Matteucci, Matteo},
  booktitle={Robotics and Automation (ICRA), 2014 IEEE International Conference on},
  pages={1269--1275},
  year={2014},
  organization={IEEE}
}
@inproceedings{Cucci_Matteucci13,
  title={A Flexible Framework for Mobile Robot Pose Estimation and Multi-Sensor Self-Calibration},
  author={Cucci, Davide Antonio and Matteucci, Matteo},
  booktitle={International Conference on Informatics in Control, Automation and Robotics (ICINCO)},
  pages={361--368},
  year={2013}
}

@inproceedings{Lucas_Kanade81,
  title={An iterative image registration technique with an application to stereo vision.},
  author={Lucas, Bruce D and Kanade, Takeo},
  booktitle={IJCAI},
  volume={81},
  pages={674--679},
  year={1981}
}

@inproceedings{Geiger_et_al12,
  title={Are we ready for autonomous driving? The KITTI vision benchmark suite},
  author={Geiger, Andreas and Lenz, Philip and Urtasun, Raquel},
  booktitle={Computer Vision and Pattern Recognition (CVPR), 2012 IEEE Conference on},
  pages={3354--3361},
  year={2012},
  organization={IEEE}
}

@article{Hartley_Sturm97,
  title={Triangulation},
  author={Hartley, Richard I and Sturm, Peter},
  journal={Computer vision and image understanding},
  volume={68},
  number={2},
  pages={146--157},
  year={1997},
  publisher={Elsevier}
}

@inproceedings{Kalal_et_al10,
  title={Forward-backward error: Automatic detection of tracking failures},
  author={Kalal, Zdenek and Mikolajczyk, Krystian and Matas, Jiri},
  booktitle={Pattern Recognition (ICPR), 2010 20th International Conference on},
  pages={2756--2759},
  year={2010},
  organization={IEEE}
}
@article{Canny_86,
  title={A computational approach to edge detection},
  author={Canny, John},
  journal={Pattern Analysis and Machine Intelligence, IEEE Transactions on},
  number={6},
  pages={679--698},
  year={1986},
  publisher={IEEE}
}

@inproceedings{Shi_Tomasi94,
  title={Good features to track},
  author={Shi, Jianbo and Tomasi, Carlo},
  booktitle={Computer Vision and Pattern Recognition, 1994. Proceedings CVPR'94., 1994 IEEE Computer Society Conference on},
  pages={593--600},
  year={1994},
  organization={IEEE}
}


@article{Girardeau-Montaut_et_al05,
  title={Change detection on points cloud data acquired with a ground laser scanner},
  author={Girardeau-Montaut, D and Roux, M and Marc, R and Thibault, G},
  journal={International Archives of Photogrammetry, Remote Sensing and Spatial Information Sciences},
  volume={36},
  number={part 3},
  pages={W19},
  year={2005}
}

@misc{CloudCompare,
author = {Girardeau-Montaut, D},
title = {Cloud Compare, (last access Feb, 27 2015)},
url = {http://www.cloudcompare.org/}
}

@article{Wu11,
  title={VisualSFM: A visual structure from motion system},
  author={Wu, Changchang},
  year={2011}
}



